<record><leader>00000cas a2200000Ma 4500</leader><controlfield tag="001">10971168</controlfield><controlfield tag="008">840720d18731873hiucr ne      0   a0eng d</controlfield><datafield ind1=" " ind2=" " tag="010"><subfield code="a">sn 84023739 </subfield></datafield><datafield ind1=" " ind2=" " tag="040"><subfield code="a">AQM</subfield><subfield code="b">eng</subfield><subfield code="c">AQM</subfield><subfield code="d">HIL</subfield><subfield code="d">OCLCF</subfield><subfield code="d">OCLCO</subfield></datafield><datafield ind1="1" ind2=" " tag="029"><subfield code="a">AU@</subfield><subfield code="b">000020375231</subfield></datafield><datafield ind1="0" ind2=" " tag="041"><subfield code="a">eng</subfield><subfield code="a">haw</subfield></datafield><datafield ind1=" " ind2=" " tag="043"><subfield code="a">n-us-hi</subfield></datafield><datafield ind1=" " ind2="4" tag="050"><subfield code="a">DU620</subfield><subfield code="b">.N85</subfield></datafield><datafield ind1="0" ind2=" " tag="130"><subfield code="a">Nuhou (Honolulu, Hawaii : 1873)</subfield></datafield><datafield ind1="0" ind2="0" tag="245"><subfield code="a">Nuhou =</subfield><subfield code="b">The Hawaiian news.</subfield></datafield><datafield ind1="1" ind2="1" tag="246"><subfield code="a">Hawaiian news</subfield></datafield><datafield ind1=" " ind2=" " tag="260"><subfield code="a">Honolulu [Oahu, Hawaii], :</subfield><subfield code="b">W.M. Gibson,</subfield><subfield code="c">1873.</subfield></datafield><datafield ind1=" " ind2=" " tag="300"><subfield code="a">2 v.</subfield></datafield><datafield ind1=" " ind2=" " tag="310"><subfield code="a">Semiweekly</subfield></datafield><datafield ind1="0" ind2=" " tag="362"><subfield code="a">Vol. 1, no. 1 (Feb. 25, 1873)-v. 2, no. 26 (Oct. 24, 1873).</subfield></datafield><datafield ind1=" " ind2=" " tag="500"><subfield code="a">"Devoted to the material interests of the Hawaiian archipelago."</subfield></datafield><datafield ind1=" " ind2=" " tag="515"><subfield code="a">Publication suspended between the May 23 and July 15, 1873 issues.</subfield></datafield><datafield ind1=" " ind2=" " tag="546"><subfield code="a">In English; some Hawaiian.</subfield></datafield><datafield ind1=" " ind2=" " tag="500"><subfield code="a">Editor: W.M. Gibson.</subfield></datafield><datafield ind1=" " ind2="7" tag="655"><subfield code="a">Newspapers.</subfield><subfield code="2">rbgenr</subfield></datafield><datafield ind1=" " ind2="0" tag="650"><subfield code="a">Hawaiian language</subfield><subfield code="x">Texts.</subfield></datafield><datafield ind1=" " ind2="0" tag="651"><subfield code="a">Hawaii</subfield><subfield code="v">Newspapers.</subfield></datafield><datafield ind1=" " ind2="7" tag="655"><subfield code="a">Newspapers.</subfield><subfield code="2">fast</subfield><subfield code="0">(OCoLC)fst01423814</subfield></datafield><datafield ind1=" " ind2="7" tag="655"><subfield code="a">Texts.</subfield><subfield code="2">fast</subfield><subfield code="0">(OCoLC)fst01423705</subfield></datafield><datafield ind1=" " ind2="7" tag="650"><subfield code="a">Hawaiian language.</subfield><subfield code="2">fast</subfield><subfield code="0">(OCoLC)fst00952008</subfield></datafield><datafield ind1=" " ind2="7" tag="651"><subfield code="a">Hawaii.</subfield><subfield code="2">fast</subfield><subfield code="0">(OCoLC)fst01208724</subfield></datafield><datafield ind1="1" ind2=" " tag="700"><subfield code="a">Gibson, Walter Murray.</subfield></datafield><datafield ind1=" " ind2=" " tag="752"><subfield code="a">United States</subfield><subfield code="b">Hawaii</subfield><subfield code="c">Honolulu</subfield><subfield code="d">Honolulu.</subfield></datafield><datafield ind1="0" ind2="0" tag="785"><subfield code="t">Nuhou Hawaii (Honolulu, Hawaii : 1873)</subfield><subfield code="w">(DLC)sn 84023740</subfield><subfield code="w">(OCoLC)10971219</subfield></datafield></record>